<record><leader>00000cas a22000007a 4500</leader><controlfield tag="001">14223680</controlfield><controlfield tag="008">860916d18721uuutxuwr ne      0    0eng d</controlfield><datafield ind1=" " ind2=" " tag="010"><subfield code="a">sn 86089060 </subfield></datafield><datafield ind1=" " ind2=" " tag="040"><subfield code="a">PPM</subfield><subfield code="b">eng</subfield><subfield code="c">PPM</subfield><subfield code="d">OCLCQ</subfield></datafield><datafield ind1=" " ind2=" " tag="042"><subfield code="a">msc</subfield></datafield><datafield ind1="0" ind2="4" tag="245"><subfield code="a">The Gainesville weekly register.</subfield></datafield><datafield ind1="1" ind2="3" tag="246"><subfield code="a">Register</subfield></datafield><datafield ind1=" " ind2=" " tag="260"><subfield code="a">Gainesville, Tex. :</subfield><subfield code="b">Register Pub. Co.</subfield></datafield><datafield ind1=" " ind2=" " tag="300"><subfield code="a">v. :</subfield><subfield code="b">ill.</subfield></datafield><datafield ind1=" " ind2=" " tag="310"><subfield code="a">Weekly</subfield></datafield><datafield ind1="1" ind2=" " tag="362"><subfield code="a">Began in 1872?</subfield></datafield><datafield ind1=" " ind2=" " tag="588"><subfield code="a">Description based on: Old ser. vol. 16, no. 4, new ser. vol. 8, no. 40, (May 21, 1887).</subfield></datafield><datafield ind1=" " ind2=" " tag="752"><subfield code="a">United States</subfield><subfield code="b">Texas</subfield><subfield code="c">Cooke</subfield><subfield code="d">Gainesville.</subfield></datafield><datafield ind1="0" ind2=" " tag="775"><subfield code="t">Gainesville daily register</subfield><subfield code="w">(DLC)sn 86089059</subfield></datafield></record>